<?xml version="1.0" encoding="utf-8"?>
<record xmlns="http://www.loc.gov/MARC21/slim" xmlns:xsi="http://www.w3.org/2001/XMLSchema-instance" xsi:schemaLocation="http://www.loc.gov/MARC21/slim http://www.loc.gov/standards/marcxml/schema/MARC21slim.xsd">
	<leader>     nam a22     Mi 4500</leader>
	<controlfield tag="001">b19227309</controlfield>
	<controlfield tag="003">LeBAU</controlfield>
	<controlfield tag="006">m        d        </controlfield>
	<controlfield tag="007">cr cn |||m|||a</controlfield>
	<controlfield tag="008">181009s1955    ir      o     ||0 0 ara d</controlfield>
	<datafield ind1=" " ind2=" " tag="040">
		<subfield code="a">ZYU</subfield>
		<subfield code="b">ara</subfield>
		<subfield code="e">rda</subfield>
		<subfield code="c">ZYU</subfield>
	</datafield>
	<datafield ind1=" " ind2="4" tag="050">
		<subfield code="a">BP130.4</subfield>
		<subfield code="b">.B15 1955</subfield>
	</datafield>
	<datafield ind1="0" ind2="4" tag="082">
		<subfield code="a">297.207</subfield>
		<subfield code="2">20</subfield>
	</datafield>
	<datafield ind1="1" ind2=" " tag="100">
		<subfield code="6">880-01</subfield>
		<subfield code="a">Baḥrānī, Hāshim ibn Sulaymān,</subfield>
		<subfield code="d">-approximately 1696,</subfield>
		<subfield code="e">author.</subfield>
	</datafield>
	<datafield ind1="1" ind2="0" tag="245">
		<subfield code="6">880-02</subfield>
		<subfield code="a">Kitāb al-burhān fī tafsīr al-Qur’ān /</subfield>
		<subfield code="c">li-mu’allifihi al-‘allāmah al-thiqah al-thabt al-muḥaddith al-khabīr wa-al-nāqid al-baṣīr al-Sayyid Hāshim ibn al-Sayyid Sulaymān ibn Sayyid Ismā‘īl ibn Sayyid ‘Abd al-Jawād al-Ḥusaynī al-Baḥrānī al-Tūbalī al-Katakānī, al-mutawaffá fī sanat 1107 aw 1109 ; waqafa ‘alá taṣḥīḥihi Maḥmūd ibn Ja‘far al-Mūsawī al-Zarandī bi-mu‘āwanat al-ṣāliḥ al-Shaykh Najá Allāh al-Tafrashī al-Bāzirjānī.</subfield>
	</datafield>
	<datafield ind1="3" ind2="0" tag="246">
		<subfield code="6">880-03</subfield>
		<subfield code="a">Burhān fī tafsīr al-Qur’ān</subfield>
	</datafield>
	<datafield ind1=" " ind2=" " tag="250">
		<subfield code="6">880-04</subfield>
		<subfield code="a">al-Ṭab‘ah al-thānīyah.</subfield>
	</datafield>
	<datafield ind1=" " ind2="1" tag="264">
		<subfield code="6">880-05</subfield>
		<subfield code="a">Tihrān :</subfield>
		<subfield code="b">Chāpkhānah-i Birādarān-i ʻIlmī,</subfield>
		<subfield code="c">1375 H., [1955? M.]</subfield>
	</datafield>
	<datafield ind1=" " ind2=" " tag="300">
		<subfield code="6">880-06</subfield>
		<subfield code="a">online resource (4 volumes)</subfield>
	</datafield>
	<datafield ind1=" " ind2=" " tag="336">
		<subfield code="a">text</subfield>
		<subfield code="2">rdacontent</subfield>
	</datafield>
	<datafield ind1=" " ind2=" " tag="337">
		<subfield code="a">computer</subfield>
		<subfield code="2">rdamedia</subfield>
	</datafield>
	<datafield ind1=" " ind2=" " tag="338">
		<subfield code="a">online resource</subfield>
		<subfield code="2">rdacarrier</subfield>
	</datafield>
	<datafield ind1=" " ind2=" " tag="500">
		<subfield code="a">Part of the Arabic Collections Online (ACO) project, contributed by American University of Beirut's Jafet Memorial Library.</subfield>
	</datafield>
	<datafield ind1=" " ind2=" " tag="533">
		<subfield code="a">Electronic reproduction.</subfield>
		<subfield code="b">New York, N.Y. :</subfield>
		<subfield code="c">New York University,</subfield>
		<subfield code="d">2018.</subfield>
		<subfield code="5">NNU</subfield>
	</datafield>
	<datafield ind1="0" ind2="0" tag="630">
		<subfield code="6">880-07</subfield>
		<subfield code="a">Qur'an</subfield>
		<subfield code="x">Hermeneutics</subfield>
		<subfield code="v">Early works to 1800.</subfield>
	</datafield>
	<datafield ind1="1" ind2=" " tag="700">
		<subfield code="6">880-08</subfield>
		<subfield code="a">Mūsawī al-Zarandī, Maḥmūd ibn Jaʻfar,</subfield>
		<subfield code="e">corrector.</subfield>
	</datafield>
	<datafield ind1="1" ind2=" " tag="700">
		<subfield code="6">880-09</subfield>
		<subfield code="a">Tafrishī, Najī Allāh ibn Karīm Allāh,</subfield>
		<subfield code="e">corrector.</subfield>
	</datafield>
	<datafield ind1="2" ind2=" " tag="710">
		<subfield code="a">Jafet Memorial Library.</subfield>
	</datafield>
	<datafield ind1="0" ind2=" " tag="730">
		<subfield code="a">Arabic Collections Online.</subfield>
	</datafield>
	<datafield ind1="0" ind2=" " tag="775">
		<subfield code="6">880-10</subfield>
		<subfield code="t">Kitāb al-burhān fī tafsīr al-Qur’ān.</subfield>
		<subfield code="b">al-Ṭab‘ah al-thānīyah</subfield>
		<subfield code="d">Tihrān : Chāpʹkhānah-i Āfatāb, 375 H., [1955? M.]</subfield>
		<subfield code="g">volume 1, 4</subfield>
		<subfield code="w">(OCoLC)784507978</subfield>
		<subfield code="w">b1276615x</subfield>
		<subfield code="w">(OCoLC)784507978</subfield>
	</datafield>
	<datafield ind1="0" ind2=" " tag="775">
		<subfield code="6">880-11</subfield>
		<subfield code="t">Kitāb al-burhān fī tafsīr al-Qur’ān.</subfield>
		<subfield code="b">al-Ṭab‘ah al-thānīyah</subfield>
		<subfield code="d">Tihrān : Chāpkhānah-i Islāmīyah, 375 H., [1955? M.]</subfield>
		<subfield code="g">volume 3</subfield>
		<subfield code="w">b19227413</subfield>
	</datafield>
	<datafield ind1="0" ind2=" " tag="775">
		<subfield code="6">880-12</subfield>
		<subfield code="t">Kitāb al-burhān fī tafsīr al-Qur’ān.</subfield>
		<subfield code="b">al-Ṭab‘ah al-thālithah</subfield>
		<subfield code="d">Qum : al-Maṭba‘ah al-‘Ilmīyah, 1393 H., [1973? M.]</subfield>
		<subfield code="w">b19227498</subfield>
	</datafield>
	<datafield ind1="0" ind2="8" tag="776">
		<subfield code="i">Print version:</subfield>
		<subfield code="a">Baḥrānī, Hāshim ibn Sulaymān, -approximately 1696, author.</subfield>
		<subfield code="t">Kitāb al-burhān fī tafsīr al-Qur’ān</subfield>
		<subfield code="w">(LeBAU)b19227309</subfield>
	</datafield>
	<datafield ind1="4" ind2="0" tag="856">
		<subfield code="u">http://hdl.handle.net/2333.1/wstqjxd3</subfield>
	</datafield>
	<datafield ind1="1" ind2=" " tag="880">
		<subfield code="6">100-01</subfield>
		<subfield code="a">البحراني، هاشم بن سليمان،</subfield>
		<subfield code="d">-حوالي 1696،</subfield>
		<subfield code="e">مؤلف.</subfield>
		<subfield code="4">aut.</subfield>
	</datafield>
	<datafield ind1="1" ind2="0" tag="880">
		<subfield code="6">245-02</subfield>
		<subfield code="a">كتاب البرهان في تفسير القرآن /</subfield>
		<subfield code="c">لمؤلفه العلامة الثقة الثبت المحدث الخبير والناقد البصير السيد هاشم بن السيد سليمان بن سيد إسماعيل بن سيد عبد الجواد الحسيني البحراني التوبلي الكتكاني، المتوفى في سنة 1107 أو 1109 ؛ وقف على تصحيحه محمود بن جعفر الموسوي الزرندي بمعاونة الصالح الشيخ نجى الله التفرشي البازرجاني.</subfield>
	</datafield>
	<datafield ind1="3" ind2="0" tag="880">
		<subfield code="6">246-03</subfield>
		<subfield code="a">البرهان في تفسير القرآن</subfield>
	</datafield>
	<datafield ind1=" " ind2=" " tag="880">
		<subfield code="6">250-04</subfield>
		<subfield code="a">الطبعة الثانية.</subfield>
	</datafield>
	<datafield ind1=" " ind2="1" tag="880">
		<subfield code="6">264-05</subfield>
		<subfield code="a">تهران :</subfield>
		<subfield code="b">چاپخانه برادران علمي،</subfield>
		<subfield code="c">1375 [هـ.]، [1955؟ م.]</subfield>
	</datafield>
	<datafield ind1=" " ind2=" " tag="880">
		<subfield code="6">300-06</subfield>
		<subfield code="a">4 مجلدات ؛</subfield>
		<subfield code="c">34 سم</subfield>
	</datafield>
	<datafield ind1=" " ind2=" " tag="880">
		<subfield code="6">500-00</subfield>
		<subfield code="a">&quot;طبع على نفقة الصالح الوفي المخلص الصفي خادم أحاديث الأئمة المعصومين الحاج أبو القاسم بن محمد تقي المشتهر بالسالك.&quot;</subfield>
	</datafield>
	<datafield ind1=" " ind2=" " tag="880">
		<subfield code="6">590-00</subfield>
		<subfield code="a">في المكتبة: المجلد 2.</subfield>
	</datafield>
	<datafield ind1="0" ind2="4" tag="880">
		<subfield code="6">630-07</subfield>
		<subfield code="a">قرآن</subfield>
		<subfield code="x">تفسير وتأويل</subfield>
		<subfield code="v">اعمال قديمة حتى 1800.</subfield>
	</datafield>
	<datafield ind1="1" ind2=" " tag="880">
		<subfield code="6">700-08</subfield>
		<subfield code="a">الموسوي الزرندي، محمود بن جعفر،</subfield>
		<subfield code="e">مصحح.</subfield>
		<subfield code="4">crr.</subfield>
	</datafield>
	<datafield ind1="1" ind2=" " tag="880">
		<subfield code="6">700-09</subfield>
		<subfield code="a">التفرشي، نجى الله بن كريم الله،</subfield>
		<subfield code="e">مصحح.</subfield>
		<subfield code="4">crr.</subfield>
	</datafield>
	<datafield ind1="0" ind2=" " tag="880">
		<subfield code="6">775-10</subfield>
		<subfield code="t">كتاب البرهان في تفسير القرآن.</subfield>
		<subfield code="b">الطبعة الثانية</subfield>
		<subfield code="d">تهران : چاپخانه آفتاب، 1375 هـ.، [1955؟ م.]</subfield>
		<subfield code="g">الجزء 1، 4</subfield>
		<subfield code="w">b1276615x</subfield>
		<subfield code="w">(OCoLC)784507978</subfield>
	</datafield>
	<datafield ind1="0" ind2=" " tag="880">
		<subfield code="6">775-11</subfield>
		<subfield code="t">كتاب البرهان في تفسير القرآن.</subfield>
		<subfield code="b">الطبعة الثانية</subfield>
		<subfield code="d">تهران : چاپخانه اسلامية، 1375 هـ.، [1955؟ م.]</subfield>
		<subfield code="g">الجزء 3</subfield>
		<subfield code="w">b19227413</subfield>
	</datafield>
	<datafield ind1="0" ind2=" " tag="880">
		<subfield code="6">775-12</subfield>
		<subfield code="t">كتاب البرهان في تفسير القرآن.</subfield>
		<subfield code="b">الطبعة الثالثة</subfield>
		<subfield code="d">قم، المطبعة العلمية، 1393 [هـ.]، [1973؟ م.]</subfield>
		<subfield code="w">b19227498</subfield>
	</datafield>
	<datafield ind1=" " ind2=" " tag="959">
		<subfield code="a">NNU</subfield>
		<subfield code="b">WEB</subfield>
		<subfield code="c">GENI</subfield>
		<subfield code="t">0</subfield>
		<subfield code="m">Electronic access</subfield>
		<subfield code="s">01</subfield>
	</datafield>
	<datafield ind1=" " ind2=" " tag="999">
		<subfield code="i">LeBAU_b19227309</subfield>
		<subfield code="s">aub_aco001740:v.2</subfield>
		<subfield code="e">(ERROR-MISC)</subfield>
		<subfield code="s">aub_aco001740:v.2</subfield>
	</datafield>
</record>
